%%%%%%%%%%%%%%%%%%%%%%%%%%%%%%%%%%%%%%%%%%%%%%%%%%%%%%%%%%%%%%%%%%%%%%%%%%%%%%%
%% Descr:       Vorlage für Berichte der DHBW-Karlsruhe, BibTeX
%% Author:      Prof. Dr. Jürgen Vollmer, vollmer AT dhbw-karlsruhe.de
%% $Id: bericht.bib,v 1.10 2016/03/16 12:27:42 vollmer draft $
%% -*- coding: utf-8 -*-
%%%%%%%%%%%%%%%%%%%%%%%%%%%%%%%%%%%%%%%%%%%%%%%%%%%%%%%%%%%%%%%%%%%%%%%%%%%%%%%

%%%%
%%  declararion of abbreviations
%%%%
@STRING{addison		= "Addison-Wesley"}

%%%%%%%%%%%%%%%%%%%%%%%%%%%%%%%%%%%%%%%%%%%%%%%%%%%%%%%%%%%%%%%%%%%%%%%%%%%%%%%

@BOOK{Weigend2017,
AUTHOR		= "Weigend, Michael",
TITLE		= "Python GE-PACKT",
PUBLISHER	= "MITP-Verlags GmbH \& Co. KG",
YEAR		= 2017
}

@BOOK{Dautenhahn2011,
AUTHOR		= "Dautenhahn, Kerstin; Saunders, Joe",
TITLE		= "New Frontiers in Human-Robot Interaction",
PUBLISHER	= "John Benjamins Publishing",
YEAR		= 2011
}

@BOOK{Markowitz2015,
AUTHOR		= "Markowitz, Judith",
TITLE		= "Robots that Talk and Listen: Technology and Social Impact",
PUBLISHER	= "Walter de Gruyter GmbH \& Co KG",
YEAR		= 2015
}

@BOOK{Prassler2004,
AUTHOR		= "Prassler, Erwin; Lawitzky, Gisbert; Stopp, Andreas; Grunwald, Gerhard; Hägele, Martin; Dillmann, Rüdiger; Iossifidis, Ioannis",
TITLE		= "Advances in Human-Robot Interaction",
PUBLISHER	= "Springer Science \& Business Media",
YEAR		= 2004
}

@BOOK{Weber2017,
AUTHOR		= "Weber, Wolfgang",
TITLE		= "Industrieroboter: Methoden der Steuerung und Regelung",
PUBLISHER	= "Carl Hanser Verlag GmbH \& Co KG",
YEAR		= 2017
}

@BOOK{Steyer2010,
AUTHOR		= "Steyer, Ralph",
TITLE		= "Das JavaScript-Handbuch: Einführung, Praxis und Referenz",
PUBLISHER	= "Pearson Deutschland GmbH",
YEAR		= 2010
}

@BOOK{Bengel2015,
AUTHOR		= "Bengel, Günther; Baun, Christian; Kunze, Marcel; Stucky, Karl-Uwe",
TITLE		= "Masterkurs Parallele und Verteilte Systeme: Grundlagen und Programmierung von Multicore-Prozessoren, Multiprozessoren, Cluster, Grid und Cloud",
PUBLISHER	= "Springer-Verlag",
YEAR		= 2015
}

%%%%%%%%%%%%%%%%%%%%%%%%%%%%%%%%%%%%%%%%%%%%%%%%%%%%%%%%%%%%%%%%%%%%%%%%%%%%%%%

@MISC{FiduciaGAD2018,
	AUTHOR	= "{Fiducia \& GAD IT AG}",
	TITLE 	= "Wer ist eigentlich die Fiducia \& GAD IT AG?",
	HOWPUBLISHED = "\url{https://www.fiduciagad.de/ueber-uns.html}",
	YEAR 	= 2018,
	MONTH 	= feb
}

@MISC{SoftBank2018,
	AUTHOR	= "{SoftBank Robotics}",
	TITLE 	= "Who is Pepper?",
	HOWPUBLISHED = "\url{https://www.ald.softbankrobotics.com/en/robots/pepper}",
	YEAR 	= 2018,
	MONTH 	= jan
}

@MISC{SoftBankII2018,
	AUTHOR	= "{SoftBank Robotics}",
	TITLE 	= "Find out more about Pepper",
	HOWPUBLISHED = "\url{https://www.ald.softbankrobotics.com/en/robots/pepper/find-out-more-about-pepper}",
	YEAR 	= 2018,
	MONTH 	= jan
}


@MISC{dennisseidel2018,
	AUTHOR	= "Seidel, Dennis",
	TITLE 	= "MQTT – Eine Einführung",
	HOWPUBLISHED = "\url{http://dennisseidel.de/mqtt-eine-einfuhrung/}",
	YEAR 	= 2018,
	MONTH 	= feb
}

@MISC{SoftBankIV2018,
	AUTHOR	= "{SoftBank Robotics}",
	TITLE 	= "For business",
	HOWPUBLISHED = "\url{https://www.ald.softbankrobotics.com/en/solutions/business}",
	YEAR 	= 2018,
	MONTH 	= feb
}

@MISC{Honda2018,
	AUTHOR	= "Honda",
	TITLE 	= "ASIMO by Honda | The World's Most Advanced Humanoid Robot",
	HOWPUBLISHED = "\url{http://asimo.honda.com/default.aspx}",
	YEAR 	= 2018,
	MONTH 	= feb
}

@MISC{SoftBankIII2018,
	AUTHOR	= "{SoftBank Robotics}",
	TITLE 	= "SoftBank Robotics Documentation",
	HOWPUBLISHED = "\url{http://doc.aldebaran.com/2-5/dev/programming_index.html}",
	YEAR 	= 2018,
	MONTH 	= feb
}

@MISC{Harriet2016,
	AUTHOR	= "Taylor, Harriet",
	TITLE 	= "Could you fall in love with this robot?",
	HOWPUBLISHED = "\url{https://www.cnbc.com/2016/03/16/could-you-fall-in-love-with-this-robot.html}",
	YEAR 	= 2018,
	MONTH 	= feb
}

@MISC{Welt2017,
	AUTHOR	= "{www.welt.de}",
	TITLE 	= "Roboter „Sophia“ bekommt saudi-arabischen Pass",
	HOWPUBLISHED = "\url{https://www.welt.de/vermischtes/article170106321/Roboter-Sophia-bekommt-saudi-arabischen-Pass.html}",
	YEAR 	= 2018,
	MONTH 	= feb
}

@MISC{MunichAirport2018,
	AUTHOR	= "{Flughafen Muenchen}",
	TITLE 	= "Hallo, ich bin Josie Pepper",
	HOWPUBLISHED = "\url{https://www.munich-airport.de/hallo-ich-bin-josie-pepper-3588283}",
	YEAR 	= 2018,
	MONTH 	= feb
}

@MISC{Beineke2017,
	AUTHOR	= "Beineke, Julius",
	TITLE 	= "LG-Roboter für Südkoreas größten Flughafen: mehr Sauberkeit, leichtere Orientierung",
	HOWPUBLISHED = "\url{https://www.heise.de/newsticker/meldung/LG-Roboter-fuer-Suedkoreas-groessten-Flughafen-mehr-Sauberkeit-leichtere-Orientierung-3783766.html}",
	YEAR 	= 2018,
	MONTH 	= feb
}

@MISC{Hildebrand2017,
	AUTHOR	= "Hildebrand, Alexandra",
	TITLE 	= "Wenn der Roboter beim Einkauf hilft",
	HOWPUBLISHED = "\url{https://www.wiwo.de/technologie/forschung/einzelhandel-wenn-der-roboter-beim-einkauf-hilft/20566838.html}",
	YEAR 	= 2018,
	MONTH 	= feb
}

@MISC{Kaczmarek2016,
	AUTHOR	= "Kaczmarek, Joël",
	TITLE 	= "Was sind denkbare Einsatzgebiete der Atlas Roboter?",
	HOWPUBLISHED = "\url{https://www.digitalkompakt.de/news/atlas-boston-dynamics-roboter/}",
	YEAR 	= 2018,
	MONTH 	= feb
}

@MISC{Guardian2018,
	AUTHOR	= "{The Guardian}",
	TITLE 	= "Boston Dynamics unveils 'nightmare-inducing' hybrid robot",
	HOWPUBLISHED = "\url{https://www.theguardian.com/technology/2017/feb/28/boston-dynamics-handle-nightmare-inducing-hybrid-robot-google}",
	YEAR 	= 2018,
	MONTH 	= feb
}

%%%%%%%%%%%%%%%%%%%%%%%%%%%%%%%%%%%%%%%%%%%%%%%%%%%%%%%%%%%%%%%%%%%%%%%%%%%%%%%
