%%%%%%%%%%%%%%%%%%%%%%%%%%%%%%%%%%%%%%%%%%%%%%%%%%%%%%%%%%%%%%%%%%%%%%%%%%%%%%%
%% Descr:       Vorlage fÃ¼r Berichte der DHBW-Karlsruhe, BibTeX
%% Author:      Prof. Dr. JÃ¼rgen Vollmer, vollmer AT dhbw-karlsruhe.de
%% $Id: bericht.bib,v 1.10 2016/03/16 12:27:42 vollmer draft $
%% -*- coding: utf-8 -*-
%%%%%%%%%%%%%%%%%%%%%%%%%%%%%%%%%%%%%%%%%%%%%%%%%%%%%%%%%%%%%%%%%%%%%%%%%%%%%%%

%%%%
%%  declararion of abbreviations
%%%%
@STRING{addison		= "Addison-Wesley"}

%%%%%%%%%%%%%%%%%%%%%%%%%%%%%%%%%%%%%%%%%%%%%%%%%%%%%%%%%%%%%%%%%%%%%%%%%%%%%%%

@BOOK{knuth.1984a,
AUTHOR		= "Knuth, Donald E.",
TITLE		= "The \TeX{}book",
PUBLISHER	= addison,
YEAR		= 1984
}

@BOOK{lamport.1995a,
AUTHOR		= "Lamport, Leslie",
TITLE		= "Das \LaTeX\ Handbuch",
PUBLISHER	= addison,
YEAR		= 1995
}

@BOOK{Weigend2017,
AUTHOR		= "Weigend, Michael",
TITLE		= "Python GE-PACKT",
PUBLISHER	= "MITP-Verlags GmbH \& Co. KG",
YEAR		= 2017
}

@BOOK{Dautenhahn2011,
AUTHOR		= "Dautenhahn, Kerstin; Saunders, Joe",
TITLE		= "New Frontiers in Human-robot Interaction",
PUBLISHER	= "John Benjamins Publishing",
YEAR		= 2011
}

@BOOK{Markowitz2015,
AUTHOR		= "Markowitz, Judith",
TITLE		= "Robots that Talk and Listen: Technology and Social Impact",
PUBLISHER	= "Walter de Gruyter GmbH & Co KG",
YEAR		= 2015
}

@BOOK{Prassler2004,
AUTHOR		= "Prassler, Erwin; Lawitzky, Gisbert; Stopp, Andreas; Grunwald, Gerhard; Hägele, Martin; Dillmann, Rüdiger; Iossifidis, Ioannis",
TITLE		= "Advances in Human-Robot Interaction",
PUBLISHER	= "Springer Science & Business Media",
YEAR		= 2004
}

@BOOK{Weber2017,
AUTHOR		= "Weber, Wolfgang",
TITLE		= "Industrieroboter: Methoden der Steuerung und Regelung",
PUBLISHER	= "Carl Hanser Verlag GmbH  Co KG",
YEAR		= 2017
}

@BOOK{Steyer2010,
AUTHOR		= "Steyer, Ralph",
TITLE		= "Das JavaScript-Handbuch: Einführung, Praxis und Referenz",
PUBLISHER	= "Pearson Deutschland GmbH",
YEAR		= 2010
}

%%%%%%%%%%%%%%%%%%%%%%%%%%%%%%%%%%%%%%%%%%%%%%%%%%%%%%%%%%%%%%%%%%%%%%%%%%%%%%%

% Referenzieren von URL's
@MISC{dante.2010a,
  AUTHOR	= "Dante",
  TITLE		= "Webseite der \emph{Deutschsprachige Anwendervereinigung TeX e.V.}",
  HOWPUBLISHED 	= "\url{http://www.dante.de}",
  YEAR		= 2010,
  MONTH		= jan
}

@MISC{FiduciaGAD2018,
	AUTHOR	= "{Fiducia \& GAD IT AG}",
	TITLE 	= "Wer ist eigentlich die Fiducia & GAD IT AG?",
	HOWPUBLISHED = "\url{https://www.fiduciagad.de/ueber-uns.html}",
	YEAR 	= 2018,
	MONTH 	= feb
}

@MISC{SoftBank2018,
	AUTHOR	= "{SoftBank Robotics}",
	TITLE 	= "Who is Pepper?",
	HOWPUBLISHED = "\url{https://www.ald.softbankrobotics.com/en/robots/pepper}",
	YEAR 	= 2018,
	MONTH 	= jan
}

@MISC{SoftBankII2018,
	AUTHOR	= "{SoftBank Robotics}",
	TITLE 	= "Find out more about Pepper",
	HOWPUBLISHED = "\url{https://www.ald.softbankrobotics.com/en/robots/pepper/find-out-more-about-pepper}",
	YEAR 	= 2018,
	MONTH 	= jan
}

@MISC{Honda2018,
	AUTHOR	= "Honda",
	TITLE 	= "ASIMO by Honda | The World's Most Advanced Humanoid Robot",
	HOWPUBLISHED = "\url{http://asimo.honda.com/default.aspx}",
	YEAR 	= 2018,
	MONTH 	= feb
}


%%%%%%%%%%%%%%%%%%%%%%%%%%%%%%%%%%%%%%%%%%%%%%%%%%%%%%%%%%%%%%%%%%%%%%%%%%%%%%%
